month,region,channel,product_tier,total_transactions,total_revenue,approval_rate,dispute_rate
2024-01,Midwest,Inbound,Growth,68,21843.84,0.6471,0.0
2024-01,Midwest,Inbound,Pro,18,10220.52,0.7222,0.0
2024-01,Midwest,Inbound,Starter,81,15370.15,0.716,0.0
2024-01,Midwest,Outbound,Growth,31,9471.56,0.7419,0.0323
2024-01,Midwest,Outbound,Pro,19,9647.01,0.5789,0.0
2024-01,Midwest,Outbound,Starter,35,5851.61,0.7429,0.0
2024-01,Midwest,Partner,Growth,18,6112.24,0.5556,0.0
2024-01,Midwest,Partner,Pro,2,1283.21,1.0,0.0
2024-01,Midwest,Partner,Starter,22,4238.64,0.6364,0.0
2024-01,Midwest,Web,Growth,84,27788.47,0.7024,0.0
2024-01,Midwest,Web,Pro,20,10884.25,0.85,0.0
2024-01,Midwest,Web,Starter,84,15319.71,0.75,0.0119
2024-01,Northeast,Inbound,Growth,101,35136.34,0.7129,0.0099
2024-01,Northeast,Inbound,Pro,34,19074.35,0.5882,0.0
2024-01,Northeast,Inbound,Starter,98,19189.13,0.7245,0.0
2024-01,Northeast,Outbound,Growth,60,18132.21,0.65,0.0
2024-01,Northeast,Outbound,Pro,16,9854.53,0.625,0.0
2024-01,Northeast,Outbound,Starter,54,9407.69,0.6481,0.0
2024-01,Northeast,Partner,Growth,30,11004.91,0.9,0.0
2024-01,Northeast,Partner,Pro,12,7560.45,0.9167,0.0
2024-01,Northeast,Partner,Starter,30,6207.27,0.7667,0.0
2024-01,Northeast,Web,Growth,118,39693.31,0.7288,0.0
2024-01,Northeast,Web,Pro,37,20699.07,0.5946,0.0
2024-01,Northeast,Web,Starter,109,20023.81,0.7156,0.0
2024-01,South,Inbound,Growth,70,23560.53,0.7143,0.0
2024-01,South,Inbound,Pro,23,13305.64,0.6522,0.0
2024-01,South,Inbound,Starter,88,16869.71,0.7386,0.0
2024-01,South,Outbound,Growth,56,18084.13,0.7143,0.0
2024-01,South,Outbound,Pro,15,6556.64,0.9333,0.0
2024-01,South,Outbound,Starter,51,8824.22,0.7647,0.0
2024-01,South,Partner,Growth,21,7578.53,0.6667,0.0
2024-01,South,Partner,Pro,8,5070.95,0.75,0.0
2024-01,South,Partner,Starter,35,6530.94,0.6857,0.0
2024-01,South,Web,Growth,92,29214.62,0.75,0.0
2024-01,South,Web,Pro,41,21734.47,0.7561,0.0
2024-01,South,Web,Starter,116,21015.07,0.7328,0.0
2024-01,West,Inbound,Growth,63,21359.91,0.6349,0.0
2024-01,West,Inbound,Pro,25,14526.37,0.8,0.0
2024-01,West,Inbound,Starter,92,17838.65,0.663,0.0
2024-01,West,Outbound,Growth,38,10837.58,0.6842,0.0
2024-01,West,Outbound,Pro,18,9654.52,0.6667,0.0
2024-01,West,Outbound,Starter,55,9459.03,0.8364,0.0
2024-01,West,Partner,Growth,20,6305.21,0.65,0.0
2024-01,West,Partner,Pro,5,2838.24,0.6,0.0
2024-01,West,Partner,Starter,17,3378.76,0.9412,0.0
2024-01,West,Web,Growth,85,27576.32,0.8235,0.0
2024-01,West,Web,Pro,27,14470.95,0.7778,0.0
2024-01,West,Web,Starter,86,16429.99,0.686,0.0
2024-02,Midwest,Inbound,Growth,70,24282.53,0.7286,0.0
2024-02,Midwest,Inbound,Pro,34,19475.95,0.6471,0.0294
2024-02,Midwest,Inbound,Starter,79,14729.77,0.8228,0.0
2024-02,Midwest,Outbound,Growth,41,12337.37,0.6585,0.0
2024-02,Midwest,Outbound,Pro,13,7334.1,1.0,0.0
2024-02,Midwest,Outbound,Starter,52,8623.44,0.7885,0.0
2024-02,Midwest,Partner,Growth,25,9870.53,0.6,0.0
2024-02,Midwest,Partner,Pro,14,8352.9,0.7857,0.0
2024-02,Midwest,Partner,Starter,23,4572.3,0.6522,0.0
2024-02,Midwest,Web,Growth,85,26227.68,0.6353,0.0118
2024-02,Midwest,Web,Pro,34,18511.83,0.6176,0.0294
2024-02,Midwest,Web,Starter,84,14971.27,0.6667,0.0
2024-02,Northeast,Inbound,Growth,94,29773.23,0.6702,0.0
2024-02,Northeast,Inbound,Pro,38,23446.37,0.7895,0.0
2024-02,Northeast,Inbound,Starter,96,18778.51,0.6771,0.0104
2024-02,Northeast,Outbound,Growth,51,14862.22,0.6471,0.0
2024-02,Northeast,Outbound,Pro,18,8534.73,0.6111,0.0
2024-02,Northeast,Outbound,Starter,53,9431.8,0.6604,0.0
2024-02,Northeast,Partner,Growth,30,11267.56,0.6667,0.0
2024-02,Northeast,Partner,Pro,10,6242.96,0.7,0.0
2024-02,Northeast,Partner,Starter,26,5154.89,0.6154,0.0
2024-02,Northeast,Web,Growth,109,35598.6,0.7982,0.0
2024-02,Northeast,Web,Pro,39,21540.43,0.6923,0.0
2024-02,Northeast,Web,Starter,126,22892.33,0.7222,0.0
2024-02,South,Inbound,Growth,80,27623.91,0.775,0.0125
2024-02,South,Inbound,Pro,28,15908.44,0.6786,0.0
2024-02,South,Inbound,Starter,74,12591.61,0.6216,0.0135
2024-02,South,Outbound,Growth,52,14785.46,0.8077,0.0
2024-02,South,Outbound,Pro,13,7201.33,0.7692,0.0
2024-02,South,Outbound,Starter,46,8054.17,0.7391,0.0
2024-02,South,Partner,Growth,30,10717.84,0.7,0.0
2024-02,South,Partner,Pro,11,6917.28,0.8182,0.0
2024-02,South,Partner,Starter,43,8206.49,0.7674,0.0
2024-02,South,Web,Growth,107,33541.91,0.7477,0.0093
2024-02,South,Web,Pro,42,24067.47,0.7381,0.0
2024-02,South,Web,Starter,114,19738.46,0.7281,0.0
2024-02,West,Inbound,Growth,49,15483.68,0.7347,0.0
2024-02,West,Inbound,Pro,22,12953.68,0.7727,0.0
2024-02,West,Inbound,Starter,67,12927.78,0.7164,0.0
2024-02,West,Outbound,Growth,41,12347.25,0.5854,0.0
2024-02,West,Outbound,Pro,10,5176.26,0.9,0.0
2024-02,West,Outbound,Starter,33,5519.53,0.7576,0.0
2024-02,West,Partner,Growth,15,5326.19,0.4667,0.0
2024-02,West,Partner,Pro,5,2832.34,0.8,0.0
2024-02,West,Partner,Starter,17,3302.26,0.7059,0.0
2024-02,West,Web,Growth,84,26313.15,0.6905,0.0
2024-02,West,Web,Pro,34,19781.1,0.7059,0.0
2024-02,West,Web,Starter,84,14724.58,0.631,0.0
2024-03,Midwest,Inbound,Growth,71,22833.91,0.662,0.0
2024-03,Midwest,Inbound,Pro,20,12529.73,0.7,0.0
2024-03,Midwest,Inbound,Starter,89,17104.69,0.6966,0.0225
2024-03,Midwest,Outbound,Growth,56,16358.27,0.6786,0.0
2024-03,Midwest,Outbound,Pro,18,8742.94,0.7222,0.0
2024-03,Midwest,Outbound,Starter,56,9647.48,0.7857,0.0179
2024-03,Midwest,Partner,Growth,18,6314.28,0.6111,0.0
2024-03,Midwest,Partner,Pro,15,9277.68,0.5333,0.0
2024-03,Midwest,Partner,Starter,22,4510.76,0.7273,0.0
2024-03,Midwest,Web,Growth,96,30655.17,0.7083,0.0
2024-03,Midwest,Web,Pro,26,14914.26,0.7308,0.0
2024-03,Midwest,Web,Starter,103,18414.74,0.7961,0.0
2024-03,Northeast,Inbound,Growth,115,39079.57,0.6783,0.0
2024-03,Northeast,Inbound,Pro,26,14492.25,0.6154,0.0
2024-03,Northeast,Inbound,Starter,114,21377.15,0.7807,0.0
2024-03,Northeast,Outbound,Growth,50,15058.12,0.8,0.0
2024-03,Northeast,Outbound,Pro,15,7715.97,0.5333,0.0
2024-03,Northeast,Outbound,Starter,62,10577.95,0.7097,0.0161
2024-03,Northeast,Partner,Growth,26,9075.08,0.7692,0.0
2024-03,Northeast,Partner,Pro,5,3251.65,0.8,0.0
2024-03,Northeast,Partner,Starter,43,8001.84,0.5814,0.0
2024-03,Northeast,Web,Growth,115,36235.64,0.7478,0.0
2024-03,Northeast,Web,Pro,44,23960.31,0.7273,0.0
2024-03,Northeast,Web,Starter,140,24603.54,0.7,0.0
2024-03,South,Inbound,Growth,102,35893.32,0.6471,0.0
2024-03,South,Inbound,Pro,40,22376.32,0.75,0.0
2024-03,South,Inbound,Starter,88,16833.5,0.7614,0.0
2024-03,South,Outbound,Growth,56,16566.21,0.625,0.0
2024-03,South,Outbound,Pro,20,9294.55,0.75,0.0
2024-03,South,Outbound,Starter,75,12794.52,0.72,0.0133
2024-03,South,Partner,Growth,38,13698.66,0.7368,0.0
2024-03,South,Partner,Pro,14,7438.76,0.6429,0.0
2024-03,South,Partner,Starter,32,6032.58,0.6875,0.0
2024-03,South,Web,Growth,97,32236.51,0.7423,0.0
2024-03,South,Web,Pro,27,15202.66,0.7778,0.0
2024-03,South,Web,Starter,103,18371.38,0.699,0.0097
2024-03,West,Inbound,Growth,73,23145.04,0.6986,0.0274
2024-03,West,Inbound,Pro,27,15164.29,0.7778,0.0
2024-03,West,Inbound,Starter,80,14440.3,0.6875,0.0
2024-03,West,Outbound,Growth,40,12153.03,0.75,0.0
2024-03,West,Outbound,Pro,14,6312.58,0.4286,0.0
2024-03,West,Outbound,Starter,49,8454.6,0.6531,0.0
2024-03,West,Partner,Growth,23,8124.76,0.6522,0.0
2024-03,West,Partner,Pro,5,3338.32,0.6,0.0
2024-03,West,Partner,Starter,21,4202.54,0.7619,0.0
2024-03,West,Web,Growth,109,34720.67,0.6606,0.0092
2024-03,West,Web,Pro,23,12011.73,0.7826,0.0435
2024-03,West,Web,Starter,107,19285.26,0.757,0.0
2024-04,Midwest,Inbound,Growth,76,25223.06,0.7763,0.0
2024-04,Midwest,Inbound,Pro,30,16570.97,0.6667,0.0
2024-04,Midwest,Inbound,Starter,74,13948.06,0.6892,0.0
2024-04,Midwest,Outbound,Growth,34,10351.79,0.8824,0.0
2024-04,Midwest,Outbound,Pro,18,8545.85,0.6111,0.0
2024-04,Midwest,Outbound,Starter,53,9068.41,0.7358,0.0
2024-04,Midwest,Partner,Growth,23,8452.28,0.5652,0.0
2024-04,Midwest,Partner,Pro,8,4658.51,0.75,0.0
2024-04,Midwest,Partner,Starter,31,6649.63,0.7419,0.0
2024-04,Midwest,Web,Growth,97,31413.65,0.6701,0.0
2024-04,Midwest,Web,Pro,32,17356.79,0.7188,0.0
2024-04,Midwest,Web,Starter,98,17486.55,0.6837,0.0
2024-04,Northeast,Inbound,Growth,106,35472.82,0.7547,0.0
2024-04,Northeast,Inbound,Pro,37,22001.91,0.6757,0.0
2024-04,Northeast,Inbound,Starter,95,17304.97,0.6316,0.0
2024-04,Northeast,Outbound,Growth,43,12517.75,0.6512,0.0
2024-04,Northeast,Outbound,Pro,18,9436.67,0.5,0.0
2024-04,Northeast,Outbound,Starter,58,9682.22,0.6897,0.0
2024-04,Northeast,Partner,Growth,41,15249.4,0.7805,0.0
2024-04,Northeast,Partner,Pro,15,9950.51,0.8,0.0667
2024-04,Northeast,Partner,Starter,34,6785.21,0.6765,0.0
2024-04,Northeast,Web,Growth,138,43941.13,0.7391,0.0
2024-04,Northeast,Web,Pro,45,24177.58,0.7111,0.0
2024-04,Northeast,Web,Starter,138,25152.58,0.6522,0.0
2024-04,South,Inbound,Growth,94,31095.9,0.7234,0.0
2024-04,South,Inbound,Pro,35,20942.42,0.8571,0.0
2024-04,South,Inbound,Starter,117,22323.1,0.7009,0.0085
2024-04,South,Outbound,Growth,52,15479.71,0.6731,0.0385
2024-04,South,Outbound,Pro,16,7958.67,0.75,0.0
2024-04,South,Outbound,Starter,66,11562.37,0.6515,0.0152
2024-04,South,Partner,Growth,40,14961.56,0.7,0.0
2024-04,South,Partner,Pro,9,5318.55,0.7778,0.0
2024-04,South,Partner,Starter,33,6759.0,0.6667,0.0
2024-04,South,Web,Growth,109,36170.7,0.6789,0.0
2024-04,South,Web,Pro,48,27718.66,0.7917,0.0
2024-04,South,Web,Starter,135,23724.35,0.7259,0.0
2024-04,West,Inbound,Growth,69,22750.67,0.7246,0.0
2024-04,West,Inbound,Pro,21,13237.63,0.7143,0.0
2024-04,West,Inbound,Starter,79,14333.19,0.7975,0.0
2024-04,West,Outbound,Growth,34,10339.39,0.7941,0.0
2024-04,West,Outbound,Pro,14,7225.11,0.7857,0.0
2024-04,West,Outbound,Starter,50,8163.08,0.7,0.0
2024-04,West,Partner,Growth,25,9332.22,0.8,0.0
2024-04,West,Partner,Pro,10,6451.54,0.8,0.0
2024-04,West,Partner,Starter,17,3447.32,0.7647,0.0
2024-04,West,Web,Growth,112,35508.45,0.7143,0.0
2024-04,West,Web,Pro,34,18560.32,0.8235,0.0
2024-04,West,Web,Starter,85,15575.68,0.7412,0.0
2024-05,Midwest,Inbound,Growth,71,23527.93,0.6056,0.0
2024-05,Midwest,Inbound,Pro,32,19359.35,0.6562,0.0
2024-05,Midwest,Inbound,Starter,93,18253.87,0.7097,0.0108
2024-05,Midwest,Outbound,Growth,39,12510.91,0.7179,0.0
2024-05,Midwest,Outbound,Pro,17,8939.32,0.7059,0.0
2024-05,Midwest,Outbound,Starter,52,8641.35,0.8077,0.0
2024-05,Midwest,Partner,Growth,25,8268.29,0.76,0.0
2024-05,Midwest,Partner,Pro,11,6817.64,0.6364,0.0
2024-05,Midwest,Partner,Starter,22,4290.2,0.6818,0.0
2024-05,Midwest,Web,Growth,88,27279.39,0.6477,0.0
2024-05,Midwest,Web,Pro,31,16820.16,0.7097,0.0
2024-05,Midwest,Web,Starter,77,14113.19,0.7403,0.0
2024-05,Northeast,Inbound,Growth,97,33029.81,0.7835,0.0
2024-05,Northeast,Inbound,Pro,33,19501.9,0.6364,0.0
2024-05,Northeast,Inbound,Starter,117,21722.01,0.6752,0.0
2024-05,Northeast,Outbound,Growth,57,16743.05,0.6842,0.0
2024-05,Northeast,Outbound,Pro,23,13238.27,0.6087,0.0
2024-05,Northeast,Outbound,Starter,64,11472.32,0.6562,0.0
2024-05,Northeast,Partner,Growth,33,11408.71,0.697,0.0303
2024-05,Northeast,Partner,Pro,8,5174.3,0.625,0.0
2024-05,Northeast,Partner,Starter,38,7776.8,0.6579,0.0
2024-05,Northeast,Web,Growth,119,38018.2,0.6387,0.0
2024-05,Northeast,Web,Pro,50,26607.64,0.7,0.0
2024-05,Northeast,Web,Starter,157,28044.57,0.7197,0.0064
2024-05,South,Inbound,Growth,94,32676.97,0.766,0.0
2024-05,South,Inbound,Pro,35,18404.74,0.7429,0.0286
2024-05,South,Inbound,Starter,106,20279.95,0.6792,0.0
2024-05,South,Outbound,Growth,42,12535.8,0.619,0.0
2024-05,South,Outbound,Pro,21,10093.6,0.8571,0.0
2024-05,South,Outbound,Starter,58,9222.77,0.7069,0.0
2024-05,South,Partner,Growth,25,8442.82,0.76,0.0
2024-05,South,Partner,Pro,17,9525.07,0.6471,0.0
2024-05,South,Partner,Starter,45,9411.08,0.6444,0.0
2024-05,South,Web,Growth,129,40270.19,0.6977,0.0
2024-05,South,Web,Pro,37,20881.63,0.6757,0.0
2024-05,South,Web,Starter,107,19269.01,0.7196,0.0
2024-05,West,Inbound,Growth,92,31697.0,0.7826,0.0109
2024-05,West,Inbound,Pro,28,16678.88,0.6071,0.0
2024-05,West,Inbound,Starter,97,18568.95,0.7835,0.0
2024-05,West,Outbound,Growth,32,9141.61,0.5,0.0
2024-05,West,Outbound,Pro,16,8765.31,0.75,0.0
2024-05,West,Outbound,Starter,39,6769.34,0.6154,0.0
2024-05,West,Partner,Growth,21,7481.21,0.6667,0.0
2024-05,West,Partner,Pro,6,3786.15,0.8333,0.0
2024-05,West,Partner,Starter,25,5152.76,0.68,0.0
2024-05,West,Web,Growth,84,25534.71,0.7024,0.0
2024-05,West,Web,Pro,35,19594.17,0.7714,0.0
2024-05,West,Web,Starter,85,14638.19,0.6588,0.0
2024-06,Midwest,Inbound,Growth,70,24927.04,0.6714,0.0
2024-06,Midwest,Inbound,Pro,26,14549.82,0.7308,0.0
2024-06,Midwest,Inbound,Starter,72,13707.72,0.7083,0.0
2024-06,Midwest,Outbound,Growth,39,11547.93,0.6154,0.0
2024-06,Midwest,Outbound,Pro,13,6588.75,0.5385,0.0
2024-06,Midwest,Outbound,Starter,53,9346.17,0.717,0.0
2024-06,Midwest,Partner,Growth,27,9431.79,0.7778,0.037
2024-06,Midwest,Partner,Pro,8,5220.79,0.875,0.0
2024-06,Midwest,Partner,Starter,27,5608.21,0.7037,0.0
2024-06,Midwest,Web,Growth,101,33739.0,0.7921,0.0
2024-06,Midwest,Web,Pro,22,13243.83,0.7727,0.0
2024-06,Midwest,Web,Starter,103,18576.12,0.7282,0.0
2024-06,Northeast,Inbound,Growth,95,32891.98,0.6737,0.0
2024-06,Northeast,Inbound,Pro,25,14737.35,0.72,0.0
2024-06,Northeast,Inbound,Starter,107,19261.71,0.757,0.0
2024-06,Northeast,Outbound,Growth,49,14203.55,0.7347,0.0
2024-06,Northeast,Outbound,Pro,26,14434.44,0.8077,0.0
2024-06,Northeast,Outbound,Starter,75,12858.39,0.7467,0.0133
2024-06,Northeast,Partner,Growth,26,10005.95,0.7308,0.0
2024-06,Northeast,Partner,Pro,12,6771.09,0.5833,0.0
2024-06,Northeast,Partner,Starter,31,6381.27,0.7419,0.0
2024-06,Northeast,Web,Growth,109,33066.88,0.6881,0.0
2024-06,Northeast,Web,Pro,43,23434.7,0.6977,0.0
2024-06,Northeast,Web,Starter,138,25145.41,0.7609,0.0
2024-06,South,Inbound,Growth,80,26529.99,0.775,0.0
2024-06,South,Inbound,Pro,34,19190.14,0.7353,0.0294
2024-06,South,Inbound,Starter,72,13332.97,0.7222,0.0
2024-06,South,Outbound,Growth,51,16591.61,0.5882,0.0
2024-06,South,Outbound,Pro,19,9385.19,0.5789,0.0
2024-06,South,Outbound,Starter,46,7849.07,0.7826,0.0
2024-06,South,Partner,Growth,35,11993.33,0.7429,0.0
2024-06,South,Partner,Pro,7,4412.62,0.7143,0.0
2024-06,South,Partner,Starter,29,5662.91,0.6207,0.0
2024-06,South,Web,Growth,93,30635.9,0.7312,0.0
2024-06,South,Web,Pro,40,22916.27,0.65,0.0
2024-06,South,Web,Starter,122,21926.01,0.7131,0.0
2024-06,West,Inbound,Growth,71,24000.26,0.7324,0.0
2024-06,West,Inbound,Pro,22,12082.27,0.7273,0.0
2024-06,West,Inbound,Starter,82,16295.63,0.7073,0.0122
2024-06,West,Outbound,Growth,44,13140.25,0.5909,0.0
2024-06,West,Outbound,Pro,9,5400.03,0.4444,0.0
2024-06,West,Outbound,Starter,47,8173.54,0.6809,0.0
2024-06,West,Partner,Growth,21,7596.93,0.9048,0.0
2024-06,West,Partner,Pro,5,3529.56,1.0,0.0
2024-06,West,Partner,Starter,32,6302.92,0.75,0.0
2024-06,West,Web,Growth,82,26496.15,0.7439,0.0
2024-06,West,Web,Pro,34,19292.0,0.5588,0.0
2024-06,West,Web,Starter,81,14800.8,0.7531,0.0247
2024-07,Midwest,Inbound,Growth,76,25717.64,0.6447,0.0
2024-07,Midwest,Inbound,Pro,13,7407.93,0.4615,0.0
2024-07,Midwest,Inbound,Starter,82,15305.84,0.7439,0.0
2024-07,Midwest,Outbound,Growth,40,11937.08,0.75,0.0
2024-07,Midwest,Outbound,Pro,8,4858.28,0.875,0.125
2024-07,Midwest,Outbound,Starter,46,7723.98,0.7609,0.0
2024-07,Midwest,Partner,Growth,23,8308.88,0.7391,0.0
2024-07,Midwest,Partner,Pro,4,2304.03,0.75,0.0
2024-07,Midwest,Partner,Starter,28,6060.71,0.5714,0.0714
2024-07,Midwest,Web,Growth,78,25574.6,0.7308,0.0
2024-07,Midwest,Web,Pro,24,13958.72,0.75,0.0
2024-07,Midwest,Web,Starter,84,14746.27,0.7381,0.0119
2024-07,Northeast,Inbound,Growth,104,35287.88,0.7115,0.0
2024-07,Northeast,Inbound,Pro,40,25620.69,0.625,0.0
2024-07,Northeast,Inbound,Starter,102,19886.69,0.7255,0.0
2024-07,Northeast,Outbound,Growth,46,13574.01,0.6957,0.0
2024-07,Northeast,Outbound,Pro,20,10312.24,0.75,0.0
2024-07,Northeast,Outbound,Starter,64,10738.27,0.7344,0.0
2024-07,Northeast,Partner,Growth,24,8365.02,0.75,0.0
2024-07,Northeast,Partner,Pro,11,6618.94,0.4545,0.0
2024-07,Northeast,Partner,Starter,22,4502.13,0.7273,0.0
2024-07,Northeast,Web,Growth,120,39113.23,0.7417,0.0
2024-07,Northeast,Web,Pro,55,29523.03,0.7818,0.0182
2024-07,Northeast,Web,Starter,120,21374.7,0.7417,0.0
2024-07,South,Inbound,Growth,91,29959.04,0.6923,0.0
2024-07,South,Inbound,Pro,28,16727.1,0.7857,0.0
2024-07,South,Inbound,Starter,106,19929.34,0.7358,0.0
2024-07,South,Outbound,Growth,46,13931.47,0.6739,0.0
2024-07,South,Outbound,Pro,13,7123.28,0.7692,0.0
2024-07,South,Outbound,Starter,37,6188.72,0.6486,0.0
2024-07,South,Partner,Growth,23,8323.77,0.6522,0.0
2024-07,South,Partner,Pro,10,5301.7,0.7,0.0
2024-07,South,Partner,Starter,31,6160.58,0.7419,0.0
2024-07,South,Web,Growth,133,42532.76,0.7068,0.0
2024-07,South,Web,Pro,39,21921.89,0.7179,0.0256
2024-07,South,Web,Starter,127,23519.71,0.7244,0.0
2024-07,West,Inbound,Growth,59,20505.44,0.6102,0.0
2024-07,West,Inbound,Pro,27,16288.73,0.6296,0.0
2024-07,West,Inbound,Starter,84,15504.03,0.7024,0.0
2024-07,West,Outbound,Growth,29,9046.93,0.6552,0.0345
2024-07,West,Outbound,Pro,5,2908.56,0.8,0.0
2024-07,West,Outbound,Starter,47,8394.85,0.766,0.0
2024-07,West,Partner,Growth,15,5194.58,0.5333,0.0
2024-07,West,Partner,Pro,2,1368.97,0.5,0.0
2024-07,West,Partner,Starter,19,3686.83,0.6316,0.0
2024-07,West,Web,Growth,74,23671.44,0.6216,0.0135
2024-07,West,Web,Pro,26,15002.97,0.7308,0.0
2024-07,West,Web,Starter,93,16569.96,0.6882,0.0
2024-08,Midwest,Inbound,Growth,67,22231.86,0.7761,0.0
2024-08,Midwest,Inbound,Pro,19,11744.18,0.5789,0.0
2024-08,Midwest,Inbound,Starter,82,15329.25,0.6463,0.0
2024-08,Midwest,Outbound,Growth,40,12369.82,0.75,0.0
2024-08,Midwest,Outbound,Pro,19,10205.26,0.8421,0.0
2024-08,Midwest,Outbound,Starter,29,4716.66,0.7241,0.0345
2024-08,Midwest,Partner,Growth,21,7412.66,0.619,0.0
2024-08,Midwest,Partner,Pro,9,4740.46,0.6667,0.0
2024-08,Midwest,Partner,Starter,25,5147.98,0.68,0.0
2024-08,Midwest,Web,Growth,94,30673.39,0.7128,0.0
2024-08,Midwest,Web,Pro,34,19583.07,0.8529,0.0
2024-08,Midwest,Web,Starter,100,18453.13,0.7,0.0
2024-08,Northeast,Inbound,Growth,84,28464.0,0.7143,0.0119
2024-08,Northeast,Inbound,Pro,35,20253.43,0.7714,0.0
2024-08,Northeast,Inbound,Starter,95,18004.63,0.6842,0.0
2024-08,Northeast,Outbound,Growth,46,13680.29,0.6739,0.0217
2024-08,Northeast,Outbound,Pro,21,10835.82,0.619,0.0
2024-08,Northeast,Outbound,Starter,54,8822.54,0.7407,0.0
2024-08,Northeast,Partner,Growth,30,9692.65,0.9333,0.0333
2024-08,Northeast,Partner,Pro,9,5424.56,0.5556,0.0
2024-08,Northeast,Partner,Starter,34,6598.85,0.6765,0.0
2024-08,Northeast,Web,Growth,122,38729.11,0.6967,0.0
2024-08,Northeast,Web,Pro,44,23834.42,0.7045,0.0
2024-08,Northeast,Web,Starter,117,21363.28,0.6752,0.0
2024-08,South,Inbound,Growth,76,25812.7,0.7368,0.0132
2024-08,South,Inbound,Pro,42,23258.4,0.7619,0.0
2024-08,South,Inbound,Starter,86,16307.36,0.6628,0.0
2024-08,South,Outbound,Growth,41,12161.18,0.6829,0.0
2024-08,South,Outbound,Pro,11,6046.83,0.6364,0.0
2024-08,South,Outbound,Starter,48,7889.79,0.6458,0.0208
2024-08,South,Partner,Growth,27,9795.05,0.7778,0.0
2024-08,South,Partner,Pro,8,4156.53,0.5,0.0
2024-08,South,Partner,Starter,19,4049.81,0.8421,0.0
2024-08,South,Web,Growth,124,39329.99,0.7823,0.0081
2024-08,South,Web,Pro,42,23608.99,0.7619,0.0
2024-08,South,Web,Starter,122,21771.27,0.7131,0.0082
2024-08,West,Inbound,Growth,65,21699.28,0.6923,0.0
2024-08,West,Inbound,Pro,24,14002.29,0.7917,0.0
2024-08,West,Inbound,Starter,57,10757.47,0.6316,0.0175
2024-08,West,Outbound,Growth,43,12857.13,0.7442,0.0
2024-08,West,Outbound,Pro,14,7263.2,0.5714,0.0
2024-08,West,Outbound,Starter,41,7262.85,0.6829,0.0
2024-08,West,Partner,Growth,14,4539.23,0.7143,0.0
2024-08,West,Partner,Pro,6,3432.29,0.6667,0.0
2024-08,West,Partner,Starter,13,2608.56,0.4615,0.0
2024-08,West,Web,Growth,85,27133.25,0.7176,0.0
2024-08,West,Web,Pro,38,20909.51,0.6579,0.0
2024-08,West,Web,Starter,77,13444.46,0.7532,0.0
2024-09,Midwest,Inbound,Growth,53,18144.64,0.717,0.0189
2024-09,Midwest,Inbound,Pro,28,15789.66,0.8571,0.0
2024-09,Midwest,Inbound,Starter,67,13139.3,0.6418,0.0
2024-09,Midwest,Outbound,Growth,33,9026.38,0.6667,0.0
2024-09,Midwest,Outbound,Pro,14,8265.85,0.7857,0.0
2024-09,Midwest,Outbound,Starter,31,5228.64,0.8065,0.0
2024-09,Midwest,Partner,Growth,18,6556.71,0.6111,0.0
2024-09,Midwest,Partner,Pro,3,2772.28,1.0,0.0
2024-09,Midwest,Partner,Starter,22,4164.06,0.7273,0.0
2024-09,Midwest,Web,Growth,83,26946.9,0.747,0.0
2024-09,Midwest,Web,Pro,28,16517.92,0.6786,0.0
2024-09,Midwest,Web,Starter,89,15441.06,0.7865,0.0
2024-09,Northeast,Inbound,Growth,81,27115.09,0.7531,0.0
2024-09,Northeast,Inbound,Pro,31,18983.12,0.7419,0.0
2024-09,Northeast,Inbound,Starter,93,17739.13,0.7312,0.0108
2024-09,Northeast,Outbound,Growth,60,18341.07,0.75,0.0
2024-09,Northeast,Outbound,Pro,21,10879.99,0.6667,0.0
2024-09,Northeast,Outbound,Starter,46,7666.41,0.6739,0.0
2024-09,Northeast,Partner,Growth,22,8539.39,0.7273,0.0
2024-09,Northeast,Partner,Pro,7,4324.07,0.7143,0.0
2024-09,Northeast,Partner,Starter,27,5322.88,0.8148,0.0
2024-09,Northeast,Web,Growth,98,31583.13,0.7143,0.0
2024-09,Northeast,Web,Pro,29,17215.45,0.6207,0.0
2024-09,Northeast,Web,Starter,115,19942.41,0.7043,0.0
2024-09,South,Inbound,Growth,82,27910.88,0.7195,0.0122
2024-09,South,Inbound,Pro,27,15779.39,0.7778,0.0
2024-09,South,Inbound,Starter,90,16634.82,0.7889,0.0
2024-09,South,Outbound,Growth,44,13692.08,0.8182,0.0
2024-09,South,Outbound,Pro,20,10423.82,0.65,0.0
2024-09,South,Outbound,Starter,46,8584.73,0.913,0.0
2024-09,South,Partner,Growth,23,8112.74,0.6957,0.0
2024-09,South,Partner,Pro,12,7442.82,0.75,0.0
2024-09,South,Partner,Starter,32,6516.33,0.8125,0.0
2024-09,South,Web,Growth,87,27306.36,0.7241,0.0
2024-09,South,Web,Pro,34,18889.83,0.7059,0.0
2024-09,South,Web,Starter,105,18970.34,0.781,0.0
2024-09,West,Inbound,Growth,53,17068.44,0.7736,0.0
2024-09,West,Inbound,Pro,24,14957.74,0.8333,0.0417
2024-09,West,Inbound,Starter,70,13656.37,0.7571,0.0
2024-09,West,Outbound,Growth,36,10863.89,0.6944,0.0278
2024-09,West,Outbound,Pro,11,5334.04,0.3636,0.0
2024-09,West,Outbound,Starter,41,6957.57,0.7317,0.0
2024-09,West,Partner,Growth,21,7051.35,0.9048,0.0
2024-09,West,Partner,Pro,7,4524.14,0.4286,0.0
2024-09,West,Partner,Starter,26,5182.78,0.7692,0.0
2024-09,West,Web,Growth,69,21246.21,0.7246,0.0
2024-09,West,Web,Pro,23,12828.24,0.6957,0.0
2024-09,West,Web,Starter,71,13238.57,0.7465,0.0
2024-10,Midwest,Inbound,Growth,76,26645.93,0.7763,0.0
2024-10,Midwest,Inbound,Pro,30,17270.5,0.7,0.0
2024-10,Midwest,Inbound,Starter,67,12839.36,0.6269,0.0
2024-10,Midwest,Outbound,Growth,42,12010.19,0.7619,0.0
2024-10,Midwest,Outbound,Pro,16,9009.98,0.6875,0.0
2024-10,Midwest,Outbound,Starter,47,8416.95,0.7021,0.0
2024-10,Midwest,Partner,Growth,16,5556.21,0.5625,0.0
2024-10,Midwest,Partner,Pro,10,6006.16,0.6,0.0
2024-10,Midwest,Partner,Starter,30,6520.43,0.6,0.0
2024-10,Midwest,Web,Growth,78,25658.11,0.7051,0.0
2024-10,Midwest,Web,Pro,28,15038.4,0.5714,0.0
2024-10,Midwest,Web,Starter,82,15018.62,0.7439,0.0122
2024-10,Northeast,Inbound,Growth,62,20411.19,0.6774,0.0161
2024-10,Northeast,Inbound,Pro,35,21635.8,0.6857,0.0
2024-10,Northeast,Inbound,Starter,113,21099.62,0.6814,0.0
2024-10,Northeast,Outbound,Growth,58,17592.41,0.7069,0.0
2024-10,Northeast,Outbound,Pro,25,12450.01,0.68,0.0
2024-10,Northeast,Outbound,Starter,59,9910.53,0.7458,0.0
2024-10,Northeast,Partner,Growth,31,10455.43,0.7419,0.0
2024-10,Northeast,Partner,Pro,14,7988.65,0.6429,0.0
2024-10,Northeast,Partner,Starter,25,5190.93,0.68,0.0
2024-10,Northeast,Web,Growth,108,34171.91,0.7593,0.0
2024-10,Northeast,Web,Pro,42,22540.33,0.6667,0.0
2024-10,Northeast,Web,Starter,115,21073.74,0.6435,0.0087
2024-10,South,Inbound,Growth,85,28392.04,0.7882,0.0
2024-10,South,Inbound,Pro,36,22164.04,0.6667,0.0
2024-10,South,Inbound,Starter,93,17178.94,0.6882,0.0108
2024-10,South,Outbound,Growth,45,14146.73,0.7556,0.0
2024-10,South,Outbound,Pro,9,4637.3,0.7778,0.0
2024-10,South,Outbound,Starter,53,8761.88,0.6415,0.0
2024-10,South,Partner,Growth,24,8228.93,0.8333,0.0417
2024-10,South,Partner,Pro,4,2879.45,0.75,0.0
2024-10,South,Partner,Starter,28,5434.3,0.7857,0.0
2024-10,South,Web,Growth,107,35664.49,0.729,0.0
2024-10,South,Web,Pro,39,21225.72,0.7179,0.0
2024-10,South,Web,Starter,123,21870.14,0.6829,0.0163
2024-10,West,Inbound,Growth,68,23483.84,0.7794,0.0
2024-10,West,Inbound,Pro,23,11822.04,0.8261,0.0435
2024-10,West,Inbound,Starter,63,11391.42,0.7619,0.0
2024-10,West,Outbound,Growth,28,8467.31,0.8214,0.0
2024-10,West,Outbound,Pro,7,4125.34,0.5714,0.0
2024-10,West,Outbound,Starter,37,6184.76,0.7297,0.0
2024-10,West,Partner,Growth,25,9256.64,0.6,0.0
2024-10,West,Partner,Pro,10,5916.74,0.8,0.0
2024-10,West,Partner,Starter,16,3126.53,0.8125,0.0
2024-10,West,Web,Growth,82,26142.75,0.7195,0.0122
2024-10,West,Web,Pro,26,13892.91,0.8077,0.0
2024-10,West,Web,Starter,88,15831.56,0.7386,0.0
2024-11,Midwest,Inbound,Growth,60,19165.61,0.8,0.0
2024-11,Midwest,Inbound,Pro,25,13723.37,0.64,0.0
2024-11,Midwest,Inbound,Starter,88,16895.85,0.7955,0.0227
2024-11,Midwest,Outbound,Growth,47,14279.34,0.8085,0.0
2024-11,Midwest,Outbound,Pro,10,5024.98,0.6,0.0
2024-11,Midwest,Outbound,Starter,56,9948.16,0.7143,0.0
2024-11,Midwest,Partner,Growth,21,7404.21,0.619,0.0476
2024-11,Midwest,Partner,Pro,6,3930.32,0.6667,0.0
2024-11,Midwest,Partner,Starter,29,5188.43,0.7586,0.0
2024-11,Midwest,Web,Growth,82,26384.13,0.6707,0.0
2024-11,Midwest,Web,Pro,34,18223.36,0.5294,0.0
2024-11,Midwest,Web,Starter,103,19023.16,0.7379,0.0
2024-11,Northeast,Inbound,Growth,82,26792.03,0.5976,0.0244
2024-11,Northeast,Inbound,Pro,28,15829.94,0.6786,0.0
2024-11,Northeast,Inbound,Starter,87,15782.22,0.6897,0.0
2024-11,Northeast,Outbound,Growth,31,9500.55,0.871,0.0
2024-11,Northeast,Outbound,Pro,16,8487.34,0.75,0.0
2024-11,Northeast,Outbound,Starter,66,10584.68,0.7727,0.0
2024-11,Northeast,Partner,Growth,28,10590.81,0.8571,0.0
2024-11,Northeast,Partner,Pro,7,4583.88,0.8571,0.0
2024-11,Northeast,Partner,Starter,32,6405.69,0.8438,0.0312
2024-11,Northeast,Web,Growth,129,41653.42,0.7597,0.0
2024-11,Northeast,Web,Pro,50,27823.01,0.58,0.0
2024-11,Northeast,Web,Starter,115,20935.18,0.6696,0.0
2024-11,South,Inbound,Growth,79,26557.62,0.6456,0.0
2024-11,South,Inbound,Pro,29,17647.53,0.7241,0.0
2024-11,South,Inbound,Starter,89,16933.62,0.6517,0.0
2024-11,South,Outbound,Growth,42,13311.11,0.6905,0.0476
2024-11,South,Outbound,Pro,10,4863.27,0.6,0.0
2024-11,South,Outbound,Starter,59,10825.93,0.7627,0.0169
2024-11,South,Partner,Growth,24,8563.9,0.8333,0.0
2024-11,South,Partner,Pro,12,7976.92,0.8333,0.0
2024-11,South,Partner,Starter,34,7004.99,0.6765,0.0
2024-11,South,Web,Growth,98,32332.0,0.7245,0.0102
2024-11,South,Web,Pro,46,25565.16,0.6739,0.0
2024-11,South,Web,Starter,123,22008.58,0.7561,0.0
2024-11,West,Inbound,Growth,66,22649.97,0.7727,0.0
2024-11,West,Inbound,Pro,24,13896.2,0.7917,0.0
2024-11,West,Inbound,Starter,76,14645.89,0.6974,0.0
2024-11,West,Outbound,Growth,36,11853.42,0.8611,0.0
2024-11,West,Outbound,Pro,9,3978.72,0.6667,0.0
2024-11,West,Outbound,Starter,32,5871.51,0.6875,0.0
2024-11,West,Partner,Growth,19,5933.64,0.7368,0.0
2024-11,West,Partner,Pro,6,4048.54,0.6667,0.0
2024-11,West,Partner,Starter,17,3474.99,0.7059,0.0
2024-11,West,Web,Growth,77,24005.12,0.6753,0.0
2024-11,West,Web,Pro,29,17436.11,0.7241,0.0
2024-11,West,Web,Starter,91,16683.38,0.6484,0.0
2024-12,Midwest,Inbound,Growth,79,25533.02,0.6709,0.0
2024-12,Midwest,Inbound,Pro,26,14927.63,0.6923,0.0
2024-12,Midwest,Inbound,Starter,83,15861.17,0.7831,0.012
2024-12,Midwest,Outbound,Growth,44,13225.41,0.6364,0.0
2024-12,Midwest,Outbound,Pro,15,8090.97,0.5333,0.0
2024-12,Midwest,Outbound,Starter,51,8927.6,0.7647,0.0
2024-12,Midwest,Partner,Growth,22,7645.44,0.7273,0.0
2024-12,Midwest,Partner,Pro,9,5659.52,0.8889,0.0
2024-12,Midwest,Partner,Starter,34,6807.95,0.7353,0.0
2024-12,Midwest,Web,Growth,116,37799.14,0.6724,0.0
2024-12,Midwest,Web,Pro,38,20487.43,0.6579,0.0
2024-12,Midwest,Web,Starter,97,16475.45,0.701,0.0
2024-12,Northeast,Inbound,Growth,118,37939.46,0.6695,0.0
2024-12,Northeast,Inbound,Pro,41,25621.83,0.7561,0.0
2024-12,Northeast,Inbound,Starter,112,20474.95,0.75,0.0089
2024-12,Northeast,Outbound,Growth,55,16569.1,0.6909,0.0
2024-12,Northeast,Outbound,Pro,23,11758.87,0.6957,0.0
2024-12,Northeast,Outbound,Starter,61,10954.67,0.7869,0.0
2024-12,Northeast,Partner,Growth,30,10600.14,0.7667,0.0
2024-12,Northeast,Partner,Pro,11,6717.44,0.7273,0.0
2024-12,Northeast,Partner,Starter,37,7060.82,0.6486,0.0
2024-12,Northeast,Web,Growth,98,31280.02,0.6837,0.0
2024-12,Northeast,Web,Pro,36,20040.71,0.7222,0.0278
2024-12,Northeast,Web,Starter,116,20613.16,0.6983,0.0
2024-12,South,Inbound,Growth,84,27711.55,0.6905,0.0119
2024-12,South,Inbound,Pro,35,19824.1,0.5714,0.0
2024-12,South,Inbound,Starter,95,17664.64,0.7368,0.0
2024-12,South,Outbound,Growth,64,20481.93,0.6719,0.0
2024-12,South,Outbound,Pro,20,9936.94,0.75,0.0
2024-12,South,Outbound,Starter,62,10544.63,0.7258,0.0
2024-12,South,Partner,Growth,27,9040.43,0.5556,0.0
2024-12,South,Partner,Pro,9,5104.96,0.6667,0.0
2024-12,South,Partner,Starter,33,6202.04,0.7273,0.0
2024-12,South,Web,Growth,110,33503.59,0.7091,0.0
2024-12,South,Web,Pro,38,20412.15,0.7632,0.0
2024-12,South,Web,Starter,139,24597.27,0.7338,0.0
2024-12,West,Inbound,Growth,68,22653.6,0.6324,0.0
2024-12,West,Inbound,Pro,20,10979.67,0.75,0.0
2024-12,West,Inbound,Starter,79,14938.02,0.7975,0.0
2024-12,West,Outbound,Growth,41,12655.67,0.6829,0.0
2024-12,West,Outbound,Pro,18,9474.63,0.6667,0.0
2024-12,West,Outbound,Starter,65,10819.84,0.7385,0.0154
2024-12,West,Partner,Growth,21,7496.29,0.7143,0.0
2024-12,West,Partner,Pro,2,1451.75,0.5,0.5
2024-12,West,Partner,Starter,28,5758.06,0.7857,0.0
2024-12,West,Web,Growth,84,25489.43,0.7024,0.0
2024-12,West,Web,Pro,26,14623.55,0.7308,0.0
2024-12,West,Web,Starter,97,17897.66,0.7732,0.0
2025-01,Midwest,Inbound,Growth,92,31042.57,0.7065,0.0
2025-01,Midwest,Inbound,Pro,35,20960.24,0.6857,0.0
2025-01,Midwest,Inbound,Starter,86,15570.25,0.6977,0.0
2025-01,Midwest,Outbound,Growth,60,17958.89,0.7167,0.0
2025-01,Midwest,Outbound,Pro,20,10624.94,0.55,0.0
2025-01,Midwest,Outbound,Starter,44,7750.06,0.6818,0.0
2025-01,Midwest,Partner,Growth,31,10709.12,0.6452,0.0
2025-01,Midwest,Partner,Pro,13,7759.46,0.8462,0.0
2025-01,Midwest,Partner,Starter,18,3401.24,0.8333,0.0
2025-01,Midwest,Web,Growth,93,29468.04,0.7634,0.0
2025-01,Midwest,Web,Pro,41,22237.06,0.7317,0.0244
2025-01,Midwest,Web,Starter,122,21441.42,0.6803,0.0082
2025-01,Northeast,Inbound,Growth,138,46139.25,0.7971,0.0
2025-01,Northeast,Inbound,Pro,40,22782.59,0.75,0.0
2025-01,Northeast,Inbound,Starter,126,23210.38,0.6905,0.0
2025-01,Northeast,Outbound,Growth,64,18405.27,0.7031,0.0
2025-01,Northeast,Outbound,Pro,20,11788.75,0.85,0.0
2025-01,Northeast,Outbound,Starter,78,13880.67,0.7692,0.0
2025-01,Northeast,Partner,Growth,34,11699.12,0.6765,0.0
2025-01,Northeast,Partner,Pro,15,9068.33,0.8667,0.0
2025-01,Northeast,Partner,Starter,43,8567.12,0.6744,0.0465
2025-01,Northeast,Web,Growth,122,38922.2,0.7459,0.0
2025-01,Northeast,Web,Pro,38,20715.22,0.7368,0.0
2025-01,Northeast,Web,Starter,160,28108.77,0.675,0.0
2025-01,South,Inbound,Growth,111,37736.17,0.7387,0.0
2025-01,South,Inbound,Pro,43,24908.57,0.6279,0.0
2025-01,South,Inbound,Starter,112,21935.68,0.6875,0.0
2025-01,South,Outbound,Growth,54,16861.85,0.6667,0.0
2025-01,South,Outbound,Pro,22,11319.23,0.7273,0.0
2025-01,South,Outbound,Starter,48,7947.55,0.7292,0.0
2025-01,South,Partner,Growth,38,12853.39,0.7632,0.0
2025-01,South,Partner,Pro,22,13289.01,0.7727,0.0
2025-01,South,Partner,Starter,30,5815.26,0.7,0.0
2025-01,South,Web,Growth,141,43378.81,0.6809,0.0
2025-01,South,Web,Pro,39,19659.02,0.6923,0.0
2025-01,South,Web,Starter,145,25718.27,0.7034,0.0069
2025-01,West,Inbound,Growth,81,28258.39,0.7284,0.0
2025-01,West,Inbound,Pro,32,17576.42,0.5938,0.0
2025-01,West,Inbound,Starter,85,16087.24,0.7176,0.0
2025-01,West,Outbound,Growth,46,13955.2,0.8043,0.0
2025-01,West,Outbound,Pro,15,7652.61,0.6,0.0
2025-01,West,Outbound,Starter,53,8958.92,0.7547,0.0189
2025-01,West,Partner,Growth,21,7385.88,0.8095,0.0
2025-01,West,Partner,Pro,8,4512.69,0.75,0.0
2025-01,West,Partner,Starter,29,5765.85,0.7586,0.0
2025-01,West,Web,Growth,97,31714.12,0.7938,0.0
2025-01,West,Web,Pro,27,14676.03,0.6667,0.0
2025-01,West,Web,Starter,112,19433.01,0.7321,0.0
2025-02,Midwest,Inbound,Growth,88,28972.26,0.6932,0.0
2025-02,Midwest,Inbound,Pro,22,13051.89,0.8182,0.0
2025-02,Midwest,Inbound,Starter,97,18208.83,0.6701,0.0103
2025-02,Midwest,Outbound,Growth,59,18090.73,0.6949,0.0
2025-02,Midwest,Outbound,Pro,13,7391.35,0.5385,0.0
2025-02,Midwest,Outbound,Starter,58,10008.17,0.6034,0.0
2025-02,Midwest,Partner,Growth,26,9067.49,0.7692,0.0
2025-02,Midwest,Partner,Pro,11,6599.51,1.0,0.0
2025-02,Midwest,Partner,Starter,21,3755.85,0.5714,0.0
2025-02,Midwest,Web,Growth,96,31465.27,0.6979,0.0
2025-02,Midwest,Web,Pro,44,24360.67,0.8409,0.0
2025-02,Midwest,Web,Starter,109,19502.04,0.6606,0.0
2025-02,Northeast,Inbound,Growth,103,34543.0,0.7379,0.0097
2025-02,Northeast,Inbound,Pro,44,26135.34,0.6364,0.0
2025-02,Northeast,Inbound,Starter,128,24741.11,0.7422,0.0078
2025-02,Northeast,Outbound,Growth,69,20549.77,0.6812,0.0
2025-02,Northeast,Outbound,Pro,21,11355.62,0.619,0.0
2025-02,Northeast,Outbound,Starter,62,10128.6,0.7097,0.0
2025-02,Northeast,Partner,Growth,34,12223.93,0.7647,0.0
2025-02,Northeast,Partner,Pro,14,8067.57,0.9286,0.0
2025-02,Northeast,Partner,Starter,43,8910.61,0.6744,0.0
2025-02,Northeast,Web,Growth,136,43801.95,0.7794,0.0
2025-02,Northeast,Web,Pro,38,20965.69,0.7105,0.0
2025-02,Northeast,Web,Starter,154,27948.39,0.6948,0.0
2025-02,South,Inbound,Growth,105,33088.87,0.8,0.0095
2025-02,South,Inbound,Pro,40,23255.57,0.65,0.0
2025-02,South,Inbound,Starter,115,21916.3,0.713,0.0
2025-02,South,Outbound,Growth,57,17039.23,0.614,0.0
2025-02,South,Outbound,Pro,23,11693.09,0.7391,0.0
2025-02,South,Outbound,Starter,69,11809.83,0.6232,0.0
2025-02,South,Partner,Growth,35,12604.5,0.7429,0.0
2025-02,South,Partner,Pro,7,4142.87,0.5714,0.0
2025-02,South,Partner,Starter,47,9244.3,0.6383,0.0
2025-02,South,Web,Growth,127,41084.59,0.7402,0.0
2025-02,South,Web,Pro,42,21131.73,0.7381,0.0238
2025-02,South,Web,Starter,135,23776.37,0.6963,0.0074
2025-02,West,Inbound,Growth,72,24258.54,0.6944,0.0278
2025-02,West,Inbound,Pro,23,13530.59,0.6957,0.0
2025-02,West,Inbound,Starter,97,18873.0,0.701,0.0
2025-02,West,Outbound,Growth,41,12124.88,0.6098,0.0
2025-02,West,Outbound,Pro,20,11031.11,0.8,0.0
2025-02,West,Outbound,Starter,39,6400.73,0.7179,0.0
2025-02,West,Partner,Growth,19,6945.57,0.6842,0.0
2025-02,West,Partner,Pro,10,5695.78,0.7,0.0
2025-02,West,Partner,Starter,39,8017.64,0.7179,0.0
2025-02,West,Web,Growth,88,26636.83,0.6364,0.0
2025-02,West,Web,Pro,33,17292.63,0.697,0.0303
2025-02,West,Web,Starter,121,21770.03,0.7521,0.0
2025-03,Midwest,Inbound,Growth,91,32123.47,0.6813,0.0
2025-03,Midwest,Inbound,Pro,19,11406.39,0.7368,0.0526
2025-03,Midwest,Inbound,Starter,96,17243.36,0.7396,0.0
2025-03,Midwest,Outbound,Growth,54,15986.74,0.7593,0.0
2025-03,Midwest,Outbound,Pro,19,10292.31,0.5789,0.0
2025-03,Midwest,Outbound,Starter,79,14080.11,0.7342,0.0
2025-03,Midwest,Partner,Growth,26,8467.01,0.5385,0.0385
2025-03,Midwest,Partner,Pro,16,9793.57,0.6875,0.0
2025-03,Midwest,Partner,Starter,34,6598.55,0.7059,0.0294
2025-03,Midwest,Web,Growth,123,39327.18,0.7724,0.0081
2025-03,Midwest,Web,Pro,40,22493.37,0.75,0.0
2025-03,Midwest,Web,Starter,137,23808.1,0.7372,0.0073
2025-03,Northeast,Inbound,Growth,105,34979.4,0.7048,0.0095
2025-03,Northeast,Inbound,Pro,48,28184.37,0.7083,0.0
2025-03,Northeast,Inbound,Starter,149,28774.03,0.6846,0.0134
2025-03,Northeast,Outbound,Growth,69,21366.31,0.7681,0.0
2025-03,Northeast,Outbound,Pro,29,14922.08,0.6552,0.0
2025-03,Northeast,Outbound,Starter,59,10421.38,0.7797,0.0
2025-03,Northeast,Partner,Growth,43,14929.54,0.6744,0.0
2025-03,Northeast,Partner,Pro,11,7268.78,0.9091,0.0
2025-03,Northeast,Partner,Starter,47,9012.17,0.7234,0.0
2025-03,Northeast,Web,Growth,139,43007.51,0.6906,0.0
2025-03,Northeast,Web,Pro,59,30931.57,0.7458,0.0339
2025-03,Northeast,Web,Starter,179,32268.69,0.676,0.0
2025-03,South,Inbound,Growth,114,39175.95,0.6404,0.0
2025-03,South,Inbound,Pro,41,22369.6,0.5854,0.0244
2025-03,South,Inbound,Starter,108,20726.0,0.6944,0.0093
2025-03,South,Outbound,Growth,73,22671.28,0.7123,0.0
2025-03,South,Outbound,Pro,20,10716.7,0.6,0.0
2025-03,South,Outbound,Starter,74,12665.92,0.7703,0.0135
2025-03,South,Partner,Growth,40,14466.84,0.75,0.0
2025-03,South,Partner,Pro,17,10252.06,0.7059,0.0
2025-03,South,Partner,Starter,41,8035.16,0.5854,0.0
2025-03,South,Web,Growth,139,45933.62,0.7482,0.0
2025-03,South,Web,Pro,48,26038.43,0.5417,0.0
2025-03,South,Web,Starter,168,31211.8,0.7143,0.0
2025-03,West,Inbound,Growth,102,36114.14,0.8137,0.0
2025-03,West,Inbound,Pro,30,18099.12,0.7667,0.0
2025-03,West,Inbound,Starter,89,17035.72,0.6854,0.0
2025-03,West,Outbound,Growth,42,12630.34,0.7143,0.0
2025-03,West,Outbound,Pro,15,7323.71,0.6,0.0
2025-03,West,Outbound,Starter,66,11003.04,0.6515,0.0
2025-03,West,Partner,Growth,39,13873.98,0.6923,0.0
2025-03,West,Partner,Pro,7,4459.39,0.8571,0.0
2025-03,West,Partner,Starter,28,5956.17,0.75,0.0
2025-03,West,Web,Growth,111,35138.48,0.6937,0.0
2025-03,West,Web,Pro,38,20273.6,0.6842,0.0
2025-03,West,Web,Starter,133,23340.69,0.7293,0.0
2025-04,Midwest,Inbound,Growth,99,31700.31,0.7374,0.0
2025-04,Midwest,Inbound,Pro,38,23093.92,0.7368,0.0
2025-04,Midwest,Inbound,Starter,110,20506.89,0.7636,0.0
2025-04,Midwest,Outbound,Growth,65,20473.59,0.7538,0.0154
2025-04,Midwest,Outbound,Pro,14,7632.86,0.7857,0.0
2025-04,Midwest,Outbound,Starter,60,10547.99,0.7667,0.0
2025-04,Midwest,Partner,Growth,20,6236.68,0.5,0.0
2025-04,Midwest,Partner,Pro,9,4949.99,0.7778,0.0
2025-04,Midwest,Partner,Starter,35,7194.62,0.7429,0.0
2025-04,Midwest,Web,Growth,124,40259.04,0.7581,0.0
2025-04,Midwest,Web,Pro,49,26724.19,0.8367,0.0
2025-04,Midwest,Web,Starter,137,25185.35,0.7664,0.0
2025-04,Northeast,Inbound,Growth,114,37902.66,0.7018,0.0088
2025-04,Northeast,Inbound,Pro,43,24371.5,0.7907,0.0
2025-04,Northeast,Inbound,Starter,139,26511.79,0.6835,0.0
2025-04,Northeast,Outbound,Growth,73,23901.02,0.7534,0.0
2025-04,Northeast,Outbound,Pro,25,12716.26,0.68,0.04
2025-04,Northeast,Outbound,Starter,90,15585.8,0.7111,0.0
2025-04,Northeast,Partner,Growth,33,12036.37,0.8182,0.0
2025-04,Northeast,Partner,Pro,15,8301.9,0.8667,0.0
2025-04,Northeast,Partner,Starter,43,8552.63,0.7442,0.0233
2025-04,Northeast,Web,Growth,129,41008.08,0.7597,0.0078
2025-04,Northeast,Web,Pro,46,24486.26,0.7609,0.0
2025-04,Northeast,Web,Starter,181,32504.87,0.7514,0.0
2025-04,South,Inbound,Growth,108,35722.89,0.7407,0.0
2025-04,South,Inbound,Pro,36,21504.15,0.6944,0.0
2025-04,South,Inbound,Starter,125,23804.2,0.744,0.0
2025-04,South,Outbound,Growth,72,22031.62,0.7639,0.0
2025-04,South,Outbound,Pro,31,15999.7,0.5484,0.0
2025-04,South,Outbound,Starter,53,9318.48,0.6981,0.0
2025-04,South,Partner,Growth,20,6643.2,0.8,0.0
2025-04,South,Partner,Pro,14,8590.74,0.5,0.0
2025-04,South,Partner,Starter,37,7440.9,0.7568,0.0
2025-04,South,Web,Growth,141,46067.36,0.7376,0.0
2025-04,South,Web,Pro,51,28251.51,0.6667,0.0196
2025-04,South,Web,Starter,184,32698.22,0.7337,0.0
2025-04,West,Inbound,Growth,62,21038.79,0.7581,0.0
2025-04,West,Inbound,Pro,27,15396.46,0.7037,0.0741
2025-04,West,Inbound,Starter,108,20419.83,0.7222,0.0093
2025-04,West,Outbound,Growth,50,15646.97,0.7,0.0
2025-04,West,Outbound,Pro,15,7439.82,0.8,0.0
2025-04,West,Outbound,Starter,60,10587.68,0.6833,0.0
2025-04,West,Partner,Growth,25,9053.77,0.84,0.0
2025-04,West,Partner,Pro,11,7255.42,0.8182,0.0
2025-04,West,Partner,Starter,22,4071.27,0.7727,0.0
2025-04,West,Web,Growth,97,31106.56,0.6598,0.0
2025-04,West,Web,Pro,44,25732.15,0.6818,0.0
2025-04,West,Web,Starter,138,25173.98,0.7536,0.0
2025-05,Midwest,Inbound,Growth,107,36764.57,0.6822,0.0
2025-05,Midwest,Inbound,Pro,42,24949.39,0.7381,0.0714
2025-05,Midwest,Inbound,Starter,96,17645.06,0.7083,0.0
2025-05,Midwest,Outbound,Growth,51,15087.57,0.7255,0.0
2025-05,Midwest,Outbound,Pro,18,8504.69,0.7778,0.0
2025-05,Midwest,Outbound,Starter,61,10622.59,0.7705,0.0
2025-05,Midwest,Partner,Growth,31,10335.65,0.6129,0.0
2025-05,Midwest,Partner,Pro,10,5354.36,0.7,0.0
2025-05,Midwest,Partner,Starter,37,7377.03,0.7568,0.0
2025-05,Midwest,Web,Growth,117,38169.01,0.7009,0.0
2025-05,Midwest,Web,Pro,45,24748.63,0.7556,0.0
2025-05,Midwest,Web,Starter,129,23299.74,0.6512,0.0
2025-05,Northeast,Inbound,Growth,134,46511.66,0.7015,0.0
2025-05,Northeast,Inbound,Pro,39,22697.27,0.7692,0.0
2025-05,Northeast,Inbound,Starter,163,30479.84,0.7055,0.0
2025-05,Northeast,Outbound,Growth,67,19910.95,0.6716,0.0149
2025-05,Northeast,Outbound,Pro,24,13031.02,0.8333,0.0
2025-05,Northeast,Outbound,Starter,65,10948.4,0.7538,0.0154
2025-05,Northeast,Partner,Growth,39,13668.44,0.5897,0.0
2025-05,Northeast,Partner,Pro,14,7744.99,0.6429,0.0
2025-05,Northeast,Partner,Starter,35,6846.4,0.5714,0.0
2025-05,Northeast,Web,Growth,158,52114.65,0.7595,0.0063
2025-05,Northeast,Web,Pro,64,34836.06,0.6719,0.0
2025-05,Northeast,Web,Starter,170,29908.24,0.6353,0.0
2025-05,South,Inbound,Growth,112,38017.02,0.7321,0.0
2025-05,South,Inbound,Pro,48,29226.33,0.75,0.0
2025-05,South,Inbound,Starter,126,23704.86,0.6746,0.0
2025-05,South,Outbound,Growth,75,22650.34,0.76,0.0
2025-05,South,Outbound,Pro,26,11945.34,0.6923,0.0
2025-05,South,Outbound,Starter,75,13074.16,0.6,0.0
2025-05,South,Partner,Growth,44,14692.29,0.6364,0.0
2025-05,South,Partner,Pro,13,7760.32,0.6923,0.0
2025-05,South,Partner,Starter,35,7159.76,0.7429,0.0
2025-05,South,Web,Growth,142,45609.34,0.6831,0.007
2025-05,South,Web,Pro,41,22969.1,0.7317,0.0
2025-05,South,Web,Starter,161,29307.0,0.7019,0.0062
2025-05,West,Inbound,Growth,104,34009.24,0.7404,0.0
2025-05,West,Inbound,Pro,28,16274.63,0.8214,0.0
2025-05,West,Inbound,Starter,101,19465.46,0.6832,0.0
2025-05,West,Outbound,Growth,57,17475.31,0.7544,0.0
2025-05,West,Outbound,Pro,13,6293.73,0.6923,0.0
2025-05,West,Outbound,Starter,50,8222.41,0.56,0.0
2025-05,West,Partner,Growth,27,9314.92,0.5926,0.0
2025-05,West,Partner,Pro,14,7956.43,0.5,0.0
2025-05,West,Partner,Starter,37,6932.82,0.6757,0.0
2025-05,West,Web,Growth,93,28969.18,0.7312,0.0
2025-05,West,Web,Pro,46,25351.41,0.6739,0.0
2025-05,West,Web,Starter,119,21424.56,0.7563,0.0084
2025-06,Midwest,Inbound,Growth,92,31256.95,0.7283,0.0
2025-06,Midwest,Inbound,Pro,31,18152.57,0.5806,0.0
2025-06,Midwest,Inbound,Starter,86,16554.72,0.6977,0.0
2025-06,Midwest,Outbound,Growth,58,18741.34,0.8103,0.0
2025-06,Midwest,Outbound,Pro,28,14473.44,0.6786,0.0
2025-06,Midwest,Outbound,Starter,55,9272.96,0.6182,0.0
2025-06,Midwest,Partner,Growth,15,4401.48,0.6,0.0
2025-06,Midwest,Partner,Pro,8,4942.29,0.875,0.0
2025-06,Midwest,Partner,Starter,36,7488.51,0.8056,0.0
2025-06,Midwest,Web,Growth,110,34905.51,0.6636,0.0
2025-06,Midwest,Web,Pro,37,20877.09,0.7838,0.0
2025-06,Midwest,Web,Starter,132,23597.94,0.6667,0.0
2025-06,Northeast,Inbound,Growth,117,38799.18,0.7265,0.0
2025-06,Northeast,Inbound,Pro,48,27670.72,0.5208,0.0
2025-06,Northeast,Inbound,Starter,157,29007.41,0.6943,0.0
2025-06,Northeast,Outbound,Growth,74,22029.71,0.7162,0.0
2025-06,Northeast,Outbound,Pro,32,17372.09,0.7812,0.0
2025-06,Northeast,Outbound,Starter,80,14073.07,0.7125,0.0
2025-06,Northeast,Partner,Growth,38,14322.09,0.7895,0.0
2025-06,Northeast,Partner,Pro,13,7985.94,0.8462,0.0
2025-06,Northeast,Partner,Starter,38,8126.96,0.7105,0.0
2025-06,Northeast,Web,Growth,139,42744.36,0.6906,0.0
2025-06,Northeast,Web,Pro,52,28848.84,0.6154,0.0
2025-06,Northeast,Web,Starter,173,31154.75,0.7052,0.0
2025-06,South,Inbound,Growth,105,35490.93,0.7143,0.0095
2025-06,South,Inbound,Pro,39,22552.59,0.7436,0.0
2025-06,South,Inbound,Starter,117,22767.8,0.7607,0.0
2025-06,South,Outbound,Growth,70,21684.65,0.6857,0.0
2025-06,South,Outbound,Pro,21,11379.77,0.7619,0.0
2025-06,South,Outbound,Starter,72,12209.31,0.6944,0.0
2025-06,South,Partner,Growth,32,10578.48,0.875,0.0
2025-06,South,Partner,Pro,13,8213.54,0.5385,0.0
2025-06,South,Partner,Starter,32,5684.19,0.6875,0.0
2025-06,South,Web,Growth,120,36672.97,0.775,0.0083
2025-06,South,Web,Pro,56,28941.1,0.8393,0.0
2025-06,South,Web,Starter,148,25777.31,0.6554,0.0
2025-06,West,Inbound,Growth,81,27101.56,0.6296,0.0
2025-06,West,Inbound,Pro,33,19557.36,0.5758,0.0
2025-06,West,Inbound,Starter,95,17918.43,0.6526,0.0
2025-06,West,Outbound,Growth,46,14612.72,0.6957,0.0217
2025-06,West,Outbound,Pro,18,9109.91,0.8889,0.0
2025-06,West,Outbound,Starter,67,11675.94,0.7463,0.0
2025-06,West,Partner,Growth,29,10333.77,0.5862,0.0
2025-06,West,Partner,Pro,9,5706.81,0.6667,0.0
2025-06,West,Partner,Starter,35,6565.56,0.8286,0.0
2025-06,West,Web,Growth,103,33036.4,0.7476,0.0
2025-06,West,Web,Pro,34,18557.38,0.7647,0.0294
2025-06,West,Web,Starter,124,22303.29,0.7419,0.0
2025-07,Midwest,Inbound,Growth,87,28293.36,0.7356,0.0
2025-07,Midwest,Inbound,Pro,27,16005.95,0.7037,0.0
2025-07,Midwest,Inbound,Starter,89,16688.46,0.7416,0.0
2025-07,Midwest,Outbound,Growth,68,20060.48,0.6471,0.0
2025-07,Midwest,Outbound,Pro,21,10301.46,0.3333,0.0
2025-07,Midwest,Outbound,Starter,56,10105.5,0.75,0.0
2025-07,Midwest,Partner,Growth,26,8196.61,0.7308,0.0
2025-07,Midwest,Partner,Pro,7,4136.3,0.8571,0.0
2025-07,Midwest,Partner,Starter,29,5612.5,0.7241,0.0
2025-07,Midwest,Web,Growth,103,32828.49,0.7379,0.0
2025-07,Midwest,Web,Pro,37,22038.62,0.5676,0.0
2025-07,Midwest,Web,Starter,130,23605.7,0.7385,0.0
2025-07,Northeast,Inbound,Growth,112,37768.31,0.7946,0.0
2025-07,Northeast,Inbound,Pro,34,18826.49,0.7647,0.0
2025-07,Northeast,Inbound,Starter,117,22372.0,0.735,0.0085
2025-07,Northeast,Outbound,Growth,60,18797.43,0.75,0.0
2025-07,Northeast,Outbound,Pro,25,14047.49,0.72,0.0
2025-07,Northeast,Outbound,Starter,81,13229.57,0.6914,0.0
2025-07,Northeast,Partner,Growth,31,10088.22,0.7097,0.0
2025-07,Northeast,Partner,Pro,18,9830.9,0.7222,0.0
2025-07,Northeast,Partner,Starter,35,6329.77,0.8286,0.0
2025-07,Northeast,Web,Growth,118,37121.13,0.7034,0.0
2025-07,Northeast,Web,Pro,51,27787.38,0.7647,0.0196
2025-07,Northeast,Web,Starter,155,28303.13,0.729,0.0
2025-07,South,Inbound,Growth,116,39428.34,0.7414,0.0
2025-07,South,Inbound,Pro,29,15873.74,0.6897,0.0
2025-07,South,Inbound,Starter,120,22344.33,0.7417,0.0
2025-07,South,Outbound,Growth,59,18526.14,0.6441,0.0
2025-07,South,Outbound,Pro,35,18066.92,0.8,0.0
2025-07,South,Outbound,Starter,72,12584.93,0.8056,0.0139
2025-07,South,Partner,Growth,29,10325.16,0.8276,0.0
2025-07,South,Partner,Pro,17,9967.52,0.7059,0.0
2025-07,South,Partner,Starter,35,7129.36,0.7429,0.0
2025-07,South,Web,Growth,143,47104.24,0.7273,0.0
2025-07,South,Web,Pro,53,28783.15,0.7925,0.0
2025-07,South,Web,Starter,156,28038.73,0.7244,0.0
2025-07,West,Inbound,Growth,82,27612.23,0.6707,0.0
2025-07,West,Inbound,Pro,25,14778.38,0.8,0.0
2025-07,West,Inbound,Starter,90,16445.27,0.6889,0.0111
2025-07,West,Outbound,Growth,34,9873.91,0.7353,0.0
2025-07,West,Outbound,Pro,22,11844.91,0.5909,0.0
2025-07,West,Outbound,Starter,51,8856.83,0.7451,0.0
2025-07,West,Partner,Growth,24,7781.84,0.625,0.0
2025-07,West,Partner,Pro,7,3621.06,1.0,0.0
2025-07,West,Partner,Starter,32,6531.55,0.7188,0.0
2025-07,West,Web,Growth,92,30218.68,0.7826,0.0
2025-07,West,Web,Pro,33,17642.41,0.7273,0.0
2025-07,West,Web,Starter,112,20243.09,0.6607,0.0179
2025-08,Midwest,Inbound,Growth,90,30469.7,0.6889,0.0222
2025-08,Midwest,Inbound,Pro,18,10287.43,0.8333,0.0
2025-08,Midwest,Inbound,Starter,112,21078.75,0.7411,0.0
2025-08,Midwest,Outbound,Growth,46,13427.72,0.6957,0.0
2025-08,Midwest,Outbound,Pro,16,8810.02,0.75,0.0
2025-08,Midwest,Outbound,Starter,44,8114.13,0.7273,0.0227
2025-08,Midwest,Partner,Growth,25,8649.93,0.68,0.0
2025-08,Midwest,Partner,Pro,12,6231.78,0.8333,0.0
2025-08,Midwest,Partner,Starter,32,6173.37,0.7188,0.0
2025-08,Midwest,Web,Growth,88,27408.23,0.7955,0.0
2025-08,Midwest,Web,Pro,43,22668.06,0.6977,0.0
2025-08,Midwest,Web,Starter,103,18971.06,0.6893,0.0
2025-08,Northeast,Inbound,Growth,97,32323.04,0.6907,0.0103
2025-08,Northeast,Inbound,Pro,39,21854.05,0.641,0.0
2025-08,Northeast,Inbound,Starter,124,23500.03,0.7339,0.0
2025-08,Northeast,Outbound,Growth,69,21567.08,0.6522,0.0
2025-08,Northeast,Outbound,Pro,14,7333.51,0.7143,0.0
2025-08,Northeast,Outbound,Starter,78,12926.69,0.7692,0.0
2025-08,Northeast,Partner,Growth,40,14880.2,0.75,0.0
2025-08,Northeast,Partner,Pro,11,5562.69,0.8182,0.0
2025-08,Northeast,Partner,Starter,33,6413.62,0.6667,0.0
2025-08,Northeast,Web,Growth,131,43084.49,0.7099,0.0076
2025-08,Northeast,Web,Pro,40,21775.12,0.7,0.0
2025-08,Northeast,Web,Starter,168,29939.28,0.744,0.0119
2025-08,South,Inbound,Growth,87,29491.45,0.5862,0.0115
2025-08,South,Inbound,Pro,41,23877.39,0.7073,0.0
2025-08,South,Inbound,Starter,118,21876.47,0.6186,0.0085
2025-08,South,Outbound,Growth,48,14611.1,0.6875,0.0
2025-08,South,Outbound,Pro,26,14199.87,0.8462,0.0
2025-08,South,Outbound,Starter,59,10333.81,0.7966,0.0
2025-08,South,Partner,Growth,28,9637.53,0.8214,0.0
2025-08,South,Partner,Pro,9,4441.84,0.6667,0.0
2025-08,South,Partner,Starter,33,6787.8,0.7879,0.0
2025-08,South,Web,Growth,132,42169.5,0.8182,0.0076
2025-08,South,Web,Pro,43,23889.3,0.6744,0.0
2025-08,South,Web,Starter,149,27074.1,0.745,0.0
2025-08,West,Inbound,Growth,75,24127.63,0.68,0.0
2025-08,West,Inbound,Pro,27,16831.53,0.6667,0.037
2025-08,West,Inbound,Starter,92,17613.25,0.75,0.0326
2025-08,West,Outbound,Growth,45,13589.56,0.6889,0.0
2025-08,West,Outbound,Pro,18,9099.05,0.6111,0.0
2025-08,West,Outbound,Starter,46,8359.68,0.5217,0.0
2025-08,West,Partner,Growth,28,9692.14,0.75,0.0
2025-08,West,Partner,Pro,7,3923.39,1.0,0.0
2025-08,West,Partner,Starter,19,3479.9,0.7895,0.0
2025-08,West,Web,Growth,102,32464.38,0.6569,0.0
2025-08,West,Web,Pro,33,18596.76,0.5758,0.0
2025-08,West,Web,Starter,109,19132.91,0.6972,0.0
2025-09,Midwest,Inbound,Growth,67,22668.83,0.791,0.0
2025-09,Midwest,Inbound,Pro,31,16720.01,0.6774,0.0
2025-09,Midwest,Inbound,Starter,84,15225.81,0.7619,0.0
2025-09,Midwest,Outbound,Growth,32,9321.44,0.625,0.0
2025-09,Midwest,Outbound,Pro,12,6874.48,0.75,0.0
2025-09,Midwest,Outbound,Starter,52,9038.23,0.7115,0.0
2025-09,Midwest,Partner,Growth,18,6212.36,0.6667,0.0
2025-09,Midwest,Partner,Pro,11,6638.64,0.8182,0.0
2025-09,Midwest,Partner,Starter,32,6290.9,0.6875,0.0
2025-09,Midwest,Web,Growth,91,29744.24,0.7143,0.0
2025-09,Midwest,Web,Pro,34,19332.76,0.6765,0.0
2025-09,Midwest,Web,Starter,119,20688.56,0.6723,0.0084
2025-09,Northeast,Inbound,Growth,99,33500.4,0.7778,0.0
2025-09,Northeast,Inbound,Pro,41,24396.07,0.6585,0.0
2025-09,Northeast,Inbound,Starter,120,23142.27,0.6917,0.0
2025-09,Northeast,Outbound,Growth,64,18725.39,0.75,0.0
2025-09,Northeast,Outbound,Pro,15,8233.93,0.7333,0.0
2025-09,Northeast,Outbound,Starter,58,9761.24,0.8276,0.0
2025-09,Northeast,Partner,Growth,23,8540.99,0.7826,0.0
2025-09,Northeast,Partner,Pro,15,9455.47,0.6667,0.0
2025-09,Northeast,Partner,Starter,39,8050.1,0.8462,0.0
2025-09,Northeast,Web,Growth,129,41724.44,0.7209,0.0
2025-09,Northeast,Web,Pro,51,28760.14,0.8039,0.0196
2025-09,Northeast,Web,Starter,144,26083.91,0.7014,0.0139
2025-09,South,Inbound,Growth,91,30211.75,0.7692,0.0
2025-09,South,Inbound,Pro,36,20518.06,0.6389,0.0
2025-09,South,Inbound,Starter,113,21735.05,0.7522,0.0
2025-09,South,Outbound,Growth,50,15054.96,0.72,0.0
2025-09,South,Outbound,Pro,22,12358.39,0.7727,0.0
2025-09,South,Outbound,Starter,52,9063.52,0.75,0.0
2025-09,South,Partner,Growth,28,10737.01,0.6786,0.0
2025-09,South,Partner,Pro,10,6402.89,0.9,0.0
2025-09,South,Partner,Starter,33,6755.77,0.5758,0.0
2025-09,South,Web,Growth,126,39546.76,0.6825,0.0
2025-09,South,Web,Pro,48,26770.07,0.6042,0.0
2025-09,South,Web,Starter,117,21103.86,0.7009,0.0
2025-09,West,Inbound,Growth,85,27523.91,0.6941,0.0
2025-09,West,Inbound,Pro,21,12114.04,0.5238,0.0
2025-09,West,Inbound,Starter,67,11993.22,0.6716,0.0
2025-09,West,Outbound,Growth,48,14438.99,0.7292,0.0
2025-09,West,Outbound,Pro,12,6712.67,0.8333,0.0
2025-09,West,Outbound,Starter,50,8244.26,0.56,0.0
2025-09,West,Partner,Growth,31,11134.02,0.7419,0.0
2025-09,West,Partner,Pro,7,5105.2,0.5714,0.0
2025-09,West,Partner,Starter,31,5998.27,0.7419,0.0
2025-09,West,Web,Growth,68,21876.39,0.7206,0.0
2025-09,West,Web,Pro,34,18507.92,0.7941,0.0
2025-09,West,Web,Starter,96,17716.17,0.7083,0.0104
2025-10,Midwest,Inbound,Growth,75,24848.41,0.68,0.0133
2025-10,Midwest,Inbound,Pro,30,17757.57,0.5667,0.0
2025-10,Midwest,Inbound,Starter,100,18777.07,0.72,0.0
2025-10,Midwest,Outbound,Growth,55,15760.71,0.6364,0.0
2025-10,Midwest,Outbound,Pro,28,14488.4,0.7857,0.0
2025-10,Midwest,Outbound,Starter,55,8768.74,0.7273,0.0
2025-10,Midwest,Partner,Growth,28,10672.27,0.6786,0.0
2025-10,Midwest,Partner,Pro,9,6597.45,0.7778,0.0
2025-10,Midwest,Partner,Starter,25,5326.69,0.8,0.0
2025-10,Midwest,Web,Growth,108,34756.84,0.713,0.0
2025-10,Midwest,Web,Pro,47,26008.38,0.6596,0.0
2025-10,Midwest,Web,Starter,128,23154.61,0.6484,0.0
2025-10,Northeast,Inbound,Growth,92,30960.21,0.7391,0.0
2025-10,Northeast,Inbound,Pro,39,22301.07,0.5897,0.0256
2025-10,Northeast,Inbound,Starter,125,23018.36,0.8,0.0
2025-10,Northeast,Outbound,Growth,55,16703.12,0.5818,0.0
2025-10,Northeast,Outbound,Pro,17,9576.02,0.6471,0.0
2025-10,Northeast,Outbound,Starter,62,10728.71,0.7258,0.0
2025-10,Northeast,Partner,Growth,33,11585.87,0.6061,0.0
2025-10,Northeast,Partner,Pro,10,6371.1,0.7,0.0
2025-10,Northeast,Partner,Starter,45,9196.17,0.7333,0.0222
2025-10,Northeast,Web,Growth,143,45151.49,0.6643,0.0
2025-10,Northeast,Web,Pro,44,23833.88,0.75,0.0
2025-10,Northeast,Web,Starter,123,22420.99,0.7154,0.0
2025-10,South,Inbound,Growth,127,40198.09,0.6693,0.0
2025-10,South,Inbound,Pro,38,20530.74,0.7632,0.0
2025-10,South,Inbound,Starter,109,20957.21,0.7431,0.0
2025-10,South,Outbound,Growth,55,17602.52,0.8364,0.0
2025-10,South,Outbound,Pro,17,9218.79,0.7059,0.0
2025-10,South,Outbound,Starter,54,9031.71,0.7222,0.0
2025-10,South,Partner,Growth,29,9597.43,0.8276,0.0345
2025-10,South,Partner,Pro,9,5818.1,0.4444,0.0
2025-10,South,Partner,Starter,30,5803.16,0.8,0.0
2025-10,South,Web,Growth,132,41026.46,0.75,0.0076
2025-10,South,Web,Pro,56,30918.87,0.7143,0.0
2025-10,South,Web,Starter,176,32128.59,0.6989,0.0
2025-10,West,Inbound,Growth,74,24254.61,0.7162,0.0
2025-10,West,Inbound,Pro,34,21842.74,0.7059,0.0
2025-10,West,Inbound,Starter,85,16592.73,0.6118,0.0
2025-10,West,Outbound,Growth,53,16368.18,0.6415,0.0
2025-10,West,Outbound,Pro,15,8165.35,0.7333,0.0
2025-10,West,Outbound,Starter,65,11683.27,0.7385,0.0308
2025-10,West,Partner,Growth,32,11537.29,0.8125,0.0
2025-10,West,Partner,Pro,6,3351.11,0.8333,0.0
2025-10,West,Partner,Starter,28,5435.53,0.8214,0.0
2025-10,West,Web,Growth,98,30779.51,0.7653,0.0102
2025-10,West,Web,Pro,33,18853.23,0.697,0.0
2025-10,West,Web,Starter,125,22687.57,0.664,0.0
2025-11,Midwest,Inbound,Growth,84,26421.74,0.7381,0.0
2025-11,Midwest,Inbound,Pro,40,23359.1,0.75,0.0
2025-11,Midwest,Inbound,Starter,100,18414.62,0.74,0.0
2025-11,Midwest,Outbound,Growth,42,12569.2,0.5238,0.0
2025-11,Midwest,Outbound,Pro,19,9790.4,0.7895,0.0
2025-11,Midwest,Outbound,Starter,51,9045.69,0.8039,0.0
2025-11,Midwest,Partner,Growth,33,11618.6,0.697,0.0
2025-11,Midwest,Partner,Pro,9,5058.73,0.6667,0.0
2025-11,Midwest,Partner,Starter,37,7073.87,0.6486,0.0
2025-11,Midwest,Web,Growth,118,37998.95,0.7712,0.0
2025-11,Midwest,Web,Pro,38,20497.39,0.7895,0.0
2025-11,Midwest,Web,Starter,113,20307.02,0.7522,0.0
2025-11,Northeast,Inbound,Growth,117,40011.42,0.7094,0.0171
2025-11,Northeast,Inbound,Pro,40,23435.2,0.7,0.0
2025-11,Northeast,Inbound,Starter,110,20716.59,0.6545,0.0091
2025-11,Northeast,Outbound,Growth,72,22121.21,0.7361,0.0
2025-11,Northeast,Outbound,Pro,18,7877.68,0.8889,0.0
2025-11,Northeast,Outbound,Starter,57,9795.1,0.7544,0.0
2025-11,Northeast,Partner,Growth,33,11448.82,0.8485,0.0
2025-11,Northeast,Partner,Pro,18,10516.62,0.7222,0.0
2025-11,Northeast,Partner,Starter,37,7646.73,0.7027,0.0
2025-11,Northeast,Web,Growth,126,41030.31,0.7143,0.0
2025-11,Northeast,Web,Pro,43,22985.73,0.6047,0.0
2025-11,Northeast,Web,Starter,147,26720.81,0.7415,0.0068
2025-11,South,Inbound,Growth,109,36670.18,0.7156,0.0092
2025-11,South,Inbound,Pro,48,27286.77,0.7083,0.0
2025-11,South,Inbound,Starter,122,22308.45,0.7213,0.0
2025-11,South,Outbound,Growth,73,21984.16,0.8082,0.0
2025-11,South,Outbound,Pro,18,9952.37,0.7222,0.0
2025-11,South,Outbound,Starter,54,9588.32,0.6667,0.0185
2025-11,South,Partner,Growth,36,13460.23,0.75,0.0
2025-11,South,Partner,Pro,5,2711.31,1.0,0.0
2025-11,South,Partner,Starter,40,7752.42,0.7,0.025
2025-11,South,Web,Growth,130,41526.8,0.6769,0.0
2025-11,South,Web,Pro,59,31879.25,0.7797,0.0
2025-11,South,Web,Starter,147,26856.23,0.8231,0.0
2025-11,West,Inbound,Growth,79,25328.44,0.7595,0.0
2025-11,West,Inbound,Pro,16,9353.18,0.75,0.0
2025-11,West,Inbound,Starter,81,15019.78,0.7654,0.0123
2025-11,West,Outbound,Growth,65,19055.98,0.6769,0.0
2025-11,West,Outbound,Pro,18,9744.73,0.7222,0.0556
2025-11,West,Outbound,Starter,55,9497.05,0.6727,0.0
2025-11,West,Partner,Growth,15,5406.33,0.7333,0.0
2025-11,West,Partner,Pro,12,6787.37,0.75,0.0
2025-11,West,Partner,Starter,31,6419.38,0.6774,0.0
2025-11,West,Web,Growth,94,30717.97,0.6277,0.0
2025-11,West,Web,Pro,34,19876.43,0.8235,0.0
2025-11,West,Web,Starter,118,21093.04,0.7203,0.0
2025-12,Midwest,Inbound,Growth,100,33777.4,0.79,0.0
2025-12,Midwest,Inbound,Pro,31,17551.69,0.7742,0.0
2025-12,Midwest,Inbound,Starter,119,22278.95,0.6891,0.0084
2025-12,Midwest,Outbound,Growth,57,17078.09,0.6316,0.0351
2025-12,Midwest,Outbound,Pro,20,10659.28,0.65,0.0
2025-12,Midwest,Outbound,Starter,59,9582.04,0.6102,0.0
2025-12,Midwest,Partner,Growth,44,15573.12,0.7045,0.0
2025-12,Midwest,Partner,Pro,14,8083.67,0.8571,0.0
2025-12,Midwest,Partner,Starter,27,5310.86,0.7037,0.0
2025-12,Midwest,Web,Growth,105,33020.99,0.619,0.0095
2025-12,Midwest,Web,Pro,39,20416.48,0.7179,0.0
2025-12,Midwest,Web,Starter,148,27048.35,0.723,0.0
2025-12,Northeast,Inbound,Growth,117,40228.03,0.7436,0.0
2025-12,Northeast,Inbound,Pro,42,25181.48,0.5952,0.0
2025-12,Northeast,Inbound,Starter,125,23610.07,0.744,0.008
2025-12,Northeast,Outbound,Growth,91,28070.29,0.7033,0.0
2025-12,Northeast,Outbound,Pro,31,16305.44,0.6774,0.0323
2025-12,Northeast,Outbound,Starter,79,13162.34,0.6203,0.0
2025-12,Northeast,Partner,Growth,37,13353.66,0.7027,0.0
2025-12,Northeast,Partner,Pro,11,6122.31,0.6364,0.0
2025-12,Northeast,Partner,Starter,48,9184.91,0.625,0.0
2025-12,Northeast,Web,Growth,135,42481.9,0.7704,0.0
2025-12,Northeast,Web,Pro,47,25635.81,0.6383,0.0
2025-12,Northeast,Web,Starter,165,29618.45,0.7455,0.0
2025-12,South,Inbound,Growth,133,45435.7,0.6767,0.0
2025-12,South,Inbound,Pro,61,36256.5,0.6885,0.0
2025-12,South,Inbound,Starter,125,23677.71,0.768,0.0
2025-12,South,Outbound,Growth,70,20641.0,0.7857,0.0
2025-12,South,Outbound,Pro,31,15899.33,0.6452,0.0
2025-12,South,Outbound,Starter,64,11281.2,0.6875,0.0
2025-12,South,Partner,Growth,40,14741.08,0.675,0.0
2025-12,South,Partner,Pro,8,5085.04,0.5,0.0
2025-12,South,Partner,Starter,41,8794.18,0.7073,0.0
2025-12,South,Web,Growth,143,46045.95,0.6853,0.0
2025-12,South,Web,Pro,63,33675.25,0.6667,0.0159
2025-12,South,Web,Starter,173,30039.1,0.7052,0.0058
2025-12,West,Inbound,Growth,88,30333.05,0.7045,0.0114
2025-12,West,Inbound,Pro,31,17945.75,0.7419,0.0
2025-12,West,Inbound,Starter,97,18198.15,0.701,0.0
2025-12,West,Outbound,Growth,40,11887.09,0.675,0.025
2025-12,West,Outbound,Pro,18,8554.26,0.7778,0.0
2025-12,West,Outbound,Starter,53,9392.69,0.7925,0.0
2025-12,West,Partner,Growth,23,7679.89,0.5652,0.0435
2025-12,West,Partner,Pro,8,4808.58,0.875,0.0
2025-12,West,Partner,Starter,39,7968.56,0.6923,0.0
2025-12,West,Web,Growth,92,29725.23,0.7717,0.0
2025-12,West,Web,Pro,45,25352.67,0.7556,0.0
2025-12,West,Web,Starter,119,21165.03,0.6639,0.0084
